@article{1,
  author  = {作者名},
  title   = {文章标题},
  journal = {期刊名称},
  year    = {2024}
}