@article{1,
  author  = {chendongshan},
  title   = {British short hair cat and golden retriever stock photo},
  journal = {https://www.istockphoto.com/photo/british-short-hair-cat-and-golden-retriever-gm992637094-268930508},
  year    = {2024}
}
